<record><leader>00000cas a2200000 a 4500</leader><controlfield tag="001">29021823</controlfield><controlfield tag="008">931015c19719999caumr ne      0   a0eng d</controlfield><datafield ind1=" " ind2=" " tag="010"><subfield code="a">sn 96003452 </subfield></datafield><datafield ind1=" " ind2=" " tag="040"><subfield code="a">CSB</subfield><subfield code="b">eng</subfield><subfield code="c">CSB</subfield><subfield code="d">NSD</subfield><subfield code="d">OCLCQ</subfield><subfield code="d">OCLCF</subfield><subfield code="d">OCLCO</subfield></datafield><datafield ind1=" " ind2=" " tag="012"><subfield code="m">1</subfield></datafield><datafield ind1="1" ind2=" " tag="022"><subfield code="a">1090-9974</subfield><subfield code="l">1090-9974</subfield><subfield code="2">1</subfield></datafield><datafield ind1="1" ind2=" " tag="029"><subfield code="a">AU@</subfield><subfield code="b">000025371358</subfield></datafield><datafield ind1=" " ind2=" " tag="032"><subfield code="a">341430</subfield><subfield code="b">USPS</subfield></datafield><datafield ind1=" " ind2=" " tag="042"><subfield code="a">nsdp</subfield><subfield code="a">msc</subfield></datafield><datafield ind1=" " ind2=" " tag="043"><subfield code="a">n-us-ca</subfield></datafield><datafield ind1=" " ind2="0" tag="222"><subfield code="a">Palm &amp; pine</subfield></datafield><datafield ind1="0" ind2="0" tag="245"><subfield code="a">Palm &amp; pine :</subfield><subfield code="b">news of the environment from the San Gorgonio Chapter of the Sierra Club.</subfield></datafield><datafield ind1="3" ind2="0" tag="246"><subfield code="a">Palm and pine</subfield></datafield><datafield ind1=" " ind2=" " tag="260"><subfield code="a">San Bernardino, Calif. :</subfield><subfield code="b">Sierra Club</subfield></datafield><datafield ind1=" " ind2=" " tag="300"><subfield code="a">v. :</subfield><subfield code="b">ill. ;</subfield><subfield code="c">41 cm.</subfield></datafield><datafield ind1=" " ind2=" " tag="310"><subfield code="a">Monthly</subfield></datafield><datafield ind1="0" ind2=" " tag="362"><subfield code="a">Vol. 1 (1971)-</subfield></datafield><datafield ind1=" " ind2=" " tag="588"><subfield code="a">Description based on: Vol. 22, no. 9 (Oct. 1993).</subfield></datafield><datafield ind1=" " ind2=" " tag="588"><subfield code="a">Latest issue consulted: Vol. 26, no. 6 (June 1996).</subfield></datafield><datafield ind1="2" ind2="0" tag="610"><subfield code="a">Sierra Club</subfield><subfield code="v">Periodicals.</subfield></datafield><datafield ind1=" " ind2="0" tag="650"><subfield code="a">Environmental protection</subfield><subfield code="z">California</subfield><subfield code="z">San Bernardino</subfield><subfield code="v">Periodicals.</subfield></datafield><datafield ind1=" " ind2="0" tag="650"><subfield code="a">Conservation of natural resources</subfield><subfield code="z">California</subfield><subfield code="z">San Bernardino</subfield><subfield code="v">Periodicals.</subfield></datafield><datafield ind1=" " ind2="7" tag="655"><subfield code="a">Periodicals.</subfield><subfield code="2">fast</subfield><subfield code="0">(OCoLC)fst01411641</subfield></datafield><datafield ind1="2" ind2="7" tag="610"><subfield code="a">Sierra Club.</subfield><subfield code="2">fast</subfield><subfield code="0">(OCoLC)fst00530718</subfield></datafield><datafield ind1=" " ind2="7" tag="650"><subfield code="a">Conservation of natural resources.</subfield><subfield code="2">fast</subfield><subfield code="0">(OCoLC)fst00875502</subfield></datafield><datafield ind1=" " ind2="7" tag="650"><subfield code="a">Environmental protection.</subfield><subfield code="2">fast</subfield><subfield code="0">(OCoLC)fst00913324</subfield></datafield><datafield ind1=" " ind2="7" tag="651"><subfield code="a">California</subfield><subfield code="z">San Bernardino.</subfield><subfield code="2">fast</subfield><subfield code="0">(OCoLC)fst01212915</subfield></datafield><datafield ind1="2" ind2=" " tag="710"><subfield code="a">Sierra Club.</subfield><subfield code="b">San Gorgonio Chapter.</subfield></datafield></record>